<?xml version="1.0" encoding="UTF-8"?>
<OAI-PMH xmlns="http://www.openarchives.org/OAI/2.0/" xmlns:xsi="http://www.w3.org/2001/XMLSchema-instance" xsi:schemaLocation="http://www.openarchives.org/OAI/2.0/ http://www.openarchives.org/OAI/2.0/OAI-PMH.xsd">
  <ListRecords>
    <record>
      <header>
        <identifier>aleph-publish:021390649</identifier>
      </header>
      <metadata>
        <record xmlns="http://www.ddb.de/professionell/mabxml/mabxml-1.xsd">
          <leader>00000nM2.01200024------h</leader>
          <controlfield tag="LDR">00000nM2.01200024------h</controlfield>
          <controlfield tag="FMT">MH</controlfield>
          <datafield tag="001" ind1="-" ind2="1">
            <subfield code="a">HT019128882</subfield>
          </datafield>
          <datafield tag="002" ind1="a" ind2="1">
            <subfield code="a">20161021</subfield>
          </datafield>
          <datafield tag="003" ind1="-" ind2="1">
            <subfield code="a">20200221114054</subfield>
          </datafield>
          <datafield tag="020" ind1="a" ind2="1">
            <subfield code="a">2872005-2</subfield>
            <subfield code="b">DNB</subfield>
          </datafield>
          <datafield tag="025" ind1="a" ind2="1">
            <subfield code="a">1116734109</subfield>
          </datafield>
          <datafield tag="025" ind1="z" ind2="1">
            <subfield code="a">2872005-2</subfield>
          </datafield>
          <datafield tag="025" ind1="o" ind2="1">
            <subfield code="a">962081299</subfield>
          </datafield>
          <datafield tag="026" ind1="-" ind2="1">
            <subfield code="a">ZDB2872005-2</subfield>
          </datafield>
          <controlfield tag="030">a||ur||||||17</controlfield>
          <datafield tag="036" ind1="a" ind2="1">
            <subfield code="a">XA-DE</subfield>
          </datafield>
          <datafield tag="037" ind1="b" ind2="1">
            <subfield code="a">ger</subfield>
          </datafield>
          <controlfield tag="050">||||a|||||||||</controlfield>
          <controlfield tag="052">p||||||tw||||||</controlfield>
          <datafield tag="060" ind1="-" ind2="1">
            <subfield code="b">tct</subfield>
            <subfield code="a">taktiler Text</subfield>
          </datafield>
          <datafield tag="061" ind1="-" ind2="1">
            <subfield code="b">n</subfield>
            <subfield code="a">ohne Hilfsmittel zu benutzen</subfield>
          </datafield>
          <datafield tag="062" ind1="-" ind2="1">
            <subfield code="b">nc</subfield>
            <subfield code="a">Band</subfield>
          </datafield>
          <datafield tag="064" ind1="a" ind2="1">
            <subfield code="a">Zeitschrift</subfield>
            <subfield code="9">(DE-588)4067488-5</subfield>
          </datafield>
          <datafield tag="070" ind1="-" ind2="1">
            <subfield code="a">1141</subfield>
          </datafield>
          <datafield tag="070" ind1="a" ind2="1">
            <subfield code="a">DNB</subfield>
          </datafield>
          <datafield tag="070" ind1="b" ind2="1">
            <subfield code="a">1140</subfield>
          </datafield>
          <datafield tag="100" ind1="-" ind2="1">
            <subfield code="p">Martin, George R. R.</subfield>
            <subfield code="d">1948-</subfield>
            <subfield code="9">(DE-588)123619025</subfield>
          </datafield>
          <datafield tag="101" ind1="-" ind2="1">
            <subfield code="p">Martin, George R.R.</subfield>
            <subfield code="d">1948-</subfield>
          </datafield>
          <datafield tag="101" ind1="-" ind2="1">
            <subfield code="p">Martin, George Raymond Richard</subfield>
            <subfield code="d">1948-</subfield>
          </datafield>
          <datafield tag="101" ind1="-" ind2="1">
            <subfield code="p">Martin, Zhorzh R. R.</subfield>
            <subfield code="d">1948-</subfield>
          </datafield>
          <datafield tag="101" ind1="-" ind2="1">
            <subfield code="p">Martin, Zhorzh R.R.</subfield>
            <subfield code="d">1948-</subfield>
          </datafield>
          <datafield tag="101" ind1="-" ind2="1">
            <subfield code="p">Martin, Zhorzh</subfield>
            <subfield code="d">1948-</subfield>
          </datafield>
          <datafield tag="101" ind1="-" ind2="1">
            <subfield code="p">Martin, Žorž R. R.</subfield>
            <subfield code="d">1948-</subfield>
          </datafield>
          <datafield tag="101" ind1="-" ind2="1">
            <subfield code="p">Martin, Žorž R.R.</subfield>
            <subfield code="d">1948-</subfield>
          </datafield>
          <datafield tag="101" ind1="-" ind2="1">
            <subfield code="p">Martin, Žorž</subfield>
            <subfield code="d">1948-</subfield>
          </datafield>
          <datafield tag="101" ind1="-" ind2="1">
            <subfield code="U">Cyrl</subfield>
            <subfield code="p">Мартин, Жорж</subfield>
            <subfield code="d">1948-</subfield>
          </datafield>
          <datafield tag="303" ind1="-" ind2="1">
            <subfield code="t">&lt;&lt;A&gt;&gt; song of ice and fire</subfield>
          </datafield>
          <datafield tag="331" ind1="-" ind2="1">
            <subfield code="a">&lt;&lt;Das&gt;&gt; Lied von Eis und Feuer</subfield>
          </datafield>
          <datafield tag="405" ind1="-" ind2="1">
            <subfield code="a">Band 1, Heft 1 (2016)-Band 10, Heft 19 (2019) = Ausgabe 1-Ausgabe 46 ; damit Erscheinen eingestellt</subfield>
          </datafield>
          <datafield tag="406" ind1="a" ind2="1">
            <subfield code="d">1</subfield>
            <subfield code="e">1</subfield>
            <subfield code="j">2016</subfield>
            <subfield code="n">10</subfield>
            <subfield code="o">46</subfield>
            <subfield code="k">2019</subfield>
          </datafield>
          <datafield tag="419" ind1="-" ind2="1">
            <subfield code="a">[Leipzig]</subfield>
            <subfield code="b">[Deutsche Zentralbücherei für Blinde (DZB)]</subfield>
            <subfield code="c">[2016-2019]</subfield>
            <subfield code="A">3</subfield>
          </datafield>
          <datafield tag="425" ind1="b" ind2="1">
            <subfield code="a">2016</subfield>
          </datafield>
          <datafield tag="425" ind1="c" ind2="1">
            <subfield code="a">2019</subfield>
          </datafield>
          <datafield tag="433" ind1="-" ind2="1">
            <subfield code="a">Bände</subfield>
          </datafield>
          <datafield tag="435" ind1="-" ind2="1">
            <subfield code="a">30 cm</subfield>
          </datafield>
          <datafield tag="516" ind1="a" ind2="1">
            <subfield code="a">Kurzschrift, Brailleschrift</subfield>
          </datafield>
          <datafield tag="574" ind1="-" ind2="1">
            <subfield code="a">16,B44</subfield>
          </datafield>
          <datafield tag="700" ind1="-" ind2="1">
            <subfield code="a">830</subfield>
            <subfield code="2">DNB</subfield>
          </datafield>
          <datafield tag="700" ind1="-" ind2="1">
            <subfield code="a">B</subfield>
            <subfield code="2">DNB</subfield>
          </datafield>
          <datafield tag="700" ind1="-" ind2="1">
            <subfield code="a">830</subfield>
            <subfield code="2">ZDB</subfield>
          </datafield>
          <datafield tag="700" ind1="-" ind2="1">
            <subfield code="a">B</subfield>
            <subfield code="2">ZDB</subfield>
          </datafield>
          <controlfield tag="SYS">021390649</controlfield>
        </record>
      </metadata>
    </record>
  </ListRecords>
</OAI-PMH>
